<record><leader>00000cas a22000007a 4500</leader><controlfield tag="001">11146853</controlfield><controlfield tag="008">840912d19071909mtuwr ne      0    0eng d</controlfield><datafield ind1=" " ind2=" " tag="010"><subfield code="a">sn 84036177 </subfield></datafield><datafield ind1=" " ind2=" " tag="040"><subfield code="a">MTL</subfield><subfield code="b">eng</subfield><subfield code="c">MTL</subfield><subfield code="d">OCLCQ</subfield></datafield><datafield ind1=" " ind2=" " tag="042"><subfield code="a">msc</subfield></datafield><datafield ind1="0" ind2="4" tag="245"><subfield code="a">The Billings weekly times.</subfield></datafield><datafield ind1="3" ind2="0" tag="246"><subfield code="a">Billings times</subfield></datafield><datafield ind1=" " ind2=" " tag="260"><subfield code="a">Billings, Mont. :</subfield><subfield code="b">M.C. Morris,</subfield><subfield code="c">1907-</subfield></datafield><datafield ind1=" " ind2=" " tag="300"><subfield code="a">1 v. :</subfield><subfield code="b">ill.</subfield></datafield><datafield ind1=" " ind2=" " tag="310"><subfield code="a">Weekly</subfield></datafield><datafield ind1="0" ind2=" " tag="362"><subfield code="a">Vol. 17, no. 66 (Dec. 21, 1907)-</subfield></datafield><datafield ind1="1" ind2=" " tag="362"><subfield code="a">Ceased with Dec. 9 or 16, 1909.</subfield></datafield><datafield ind1=" " ind2=" " tag="500"><subfield code="a">"Official city paper."</subfield></datafield><datafield ind1=" " ind2=" " tag="525"><subfield code="a">1908 and 1909 both numbered v. 18.</subfield></datafield><datafield ind1=" " ind2=" " tag="752"><subfield code="a">United States</subfield><subfield code="b">Montana</subfield><subfield code="c">Yellowstone</subfield><subfield code="d">Billings.</subfield></datafield><datafield ind1="0" ind2="0" tag="780"><subfield code="t">Billings times (Billings, Mont. : 1895)</subfield><subfield code="w">(DLC)sn 84036176</subfield></datafield><datafield ind1="0" ind2="0" tag="785"><subfield code="t">Billings times (Billings, Mont. : 1909)</subfield><subfield code="w">(DLC)sn 83025295</subfield></datafield></record>